<?xml version="1.0" encoding="UTF-8"?><collection xmlns="http://www.loc.gov/MARC21/slim"><record><leader>00362nam--2200133-i-4500</leader><controlfield tag="001">000033531</controlfield><controlfield tag="002">20161230</controlfield><controlfield tag="005">20161230201039</controlfield><controlfield tag="008">060222s1000------------r-----000-0-eng-d</controlfield><datafield ind1=" " ind2=" " tag="100"><subfield code="a">Morant, M.J</subfield></datafield><datafield ind1=" " ind2=" " tag="245"><subfield code="a">Introduction to semiconductor devices</subfield></datafield><datafield ind1=" " ind2=" " tag="260"><subfield code="a">London, George G.Harrap &amp; Co.Ltd., 1964, 126p</subfield></datafield><datafield ind1=" " ind2=" " tag="490"><subfield code="a">Engineering Science Monographs</subfield></datafield><datafield ind1=" " ind2=" " tag="852"><subfield code="a">19913</subfield></datafield></record></collection>